% TODO We need to fix these references, authors are weirdly formatted

% AWMN WiND
% https://wind.awmn.net/
@misc{AWMN_WIND_2002,
 author = {Athens Wireless Metropolitan Network},
 title = {WiND},
 year = {2002},
 url = {https://wind.awmn.net}
}

% Guifi.net Node Database
% https://guifi.net/en/guifi_zones
@misc{Guifi_2003,
 author = {Guifi Community},
 title = {Guifi.net Node Database},
 year = {2003},
 url = {https://guifi.net/en/guifi_zones}
}

% Nodeshot
% https://github.com/ninuxorg/nodeshot
@misc{Nodeshot_2012,
 author = {Federico Capoano et al.},
 title = {Nodeshot},
 year = {2012},
 url = {https://github.com/ninuxorg/nodeshot}
}

% Funkfeuer NodeDB
% https://github.com/FFM
@misc{Funkfeuer_2012,
 author = {Christian Tanzer et al.},
 title = {Funkfeuer NodeDB},
 year = {2012},
 url = {https://github.com/FFM}
}

@ARTICLE{Bruno_2005, 
author={Bruno, R. and Conti, M. and Gregori, Enrico}, 
journal={Communications Magazine, IEEE}, 
title={Mesh networks: commodity multihop ad hoc networks}, 
year={2005}, 
month={March}, 
volume={43}, 
number={3}, 
pages={123-131}, 
keywords={Internet;ad hoc networks;mobile radio;Internet;commodity multihop ad hoc network;mesh network;mobile ad hoc network;Ad hoc networks;Buildings;IP networks;Intelligent transportation systems;Mesh networks;Mobile ad hoc networks;Spread spectrum communication;Testing;Wireless LAN;Wireless mesh networks}, 
doi={10.1109/MCOM.2005.1404606}, 
ISSN={0163-6804}
}

@article{Akyildiz_2005,
title = "Wireless mesh networks: a survey ",
journal = "Computer Networks ",
volume = "47",
number = "4",
pages = "445 - 487",
year = "2005",
note = "",
issn = "1389-1286",
doi = "http://dx.doi.org/10.1016/j.comnet.2004.12.001",
url = "http://www.sciencedirect.com/science/article/pii/S1389128604003457",
author = "Ian F. Akyildiz and Xudong Wang and Weilin Wang"
}

@inproceedings{Mustafa_2013,
author = "Luka Mustafa and Benn Thomsen",
title = "Reintroducing free-space optical technology to community wireless networks",
year = "2013",
month = "August",
booktitle = "19th Americas Conference on Information Systems, Chicago"
}

@article{Braem_2013,
 author = {Braem, Bart and Blondia, Chris and Barz, Christoph and Rogge, Henning and Freitag, Felix and Navarro, Leandro and Bonicioli, Joseph and Papathanasiou, Stavros and Escrich, Pau and Baig Vi\~{n}as, Roger and Kaplan, Aaron L. and Neumann, Axel and Vilata i Balaguer, Ivan and Tatum, Blaine and Matson, Malcolm},
 title = {A Case for Research with and on Community Networks},
 journal = {SIGCOMM Comput. Commun. Rev.},
 issue_date = {July 2013},
 volume = {43},
 number = {3},
 month = jul,
 year = {2013},
 issn = {0146-4833},
 pages = {68--73},
 numpages = {6},
 url = {http://doi.acm.org/10.1145/2500098.2500108},
 doi = {10.1145/2500098.2500108},
 acmid = {2500108},
 publisher = {ACM},
 address = {New York, NY, USA},
 keywords = {community networking},
} 

@inproceedings{Vega_2012,
  title={Topology patterns of a community network: Guifi. net},
  author={Vega, Davide and Cerda-Alabern, Lloren{\c{c}} and Navarro, Leandro and Meseguer, Roc},
  booktitle={Wireless and Mobile Computing, Networking and Communications (WiMob), 2012 IEEE 8th International Conference on},
  pages={612--619},
  year={2012},
  organization={IEEE}
}

@inproceedings{ONeil_2008,
 author = {O'Neil, Elizabeth J.},
 title = {Object/Relational Mapping 2008: Hibernate and the Entity Data Model (Edm)},
 booktitle = {Proceedings of the 2008 ACM SIGMOD International Conference on Management of Data},
 series = {SIGMOD '08},
 year = {2008},
 isbn = {978-1-60558-102-6},
 location = {Vancouver, Canada},
 pages = {1351--1356},
 numpages = {6},
 url = {http://doi.acm.org/10.1145/1376616.1376773},
 doi = {10.1145/1376616.1376773},
 acmid = {1376773},
 publisher = {ACM},
 address = {New York, NY, USA},
 keywords = {data model, entity data model, hibernate, impedance mismatch, object-relational mapping, persistence, schema mapping}
} 